@misc{advancedSkeleton,
author={Animation Studios},
title={Advanced Skeleton},
url={http://www.animationstudios.com.au/advanced-skeleton},
note={23 December 2017},
year=2016
}

@misc{kraken,
author={Fabric Software},
url={https://fabric-engine.github.io/Kraken/},
title={Kraken - Rigging Framework},
note={23 December 2017},
year=2015
}